<?xml version="1.0" encoding="UTF-8"?><collection xmlns="http://www.loc.gov/MARC21/slim"><record><leader>00550nam--2200133-i-4500</leader><controlfield tag="001">000039660</controlfield><controlfield tag="002">20161230</controlfield><controlfield tag="005">20161230201042</controlfield><controlfield tag="008">060222s1000------------r-----000-0-eng-d</controlfield><datafield ind1=" " ind2=" " tag="080"><subfield code="a">537.531</subfield></datafield><datafield ind1=" " ind2=" " tag="100"><subfield code="a">Romand,Maurice</subfield></datafield><datafield ind1=" " ind2=" " tag="245"><subfield code="a">Contribution a l`etudes de la fluorescence x des elements legeres dans les liquides hydrocarbones volatils. applications de la duffusion rayleigh et compton des radiatione caracteristiques du tube a anticathode du tube a anticathode d`argent. these</subfield></datafield><datafield ind1=" " ind2=" " tag="260"><subfield code="a">Lyon, La Faculte Des Sciences, 1970. 109 P</subfield></datafield><datafield ind1=" " ind2=" " tag="852"><subfield code="a">35817</subfield></datafield></record></collection>